% ------------------------------------------------------------------------
% BIBLIOGRAFIA
% ------------------------------------------------------------------------

@BOOK{slepian,
  AUTHOR =       {Slepian, J.},
  TITLE =        {Extinction of an {AC} arc.},
  YEAR =         {Transactions AIEE Vol. 47 (1928) No. 4, pp.~1398-1407.},
}

@BOOK{bronsztejn,
  AUTHOR =       {Bronsztejn, I. N. and Siemiendiajew, K. A.},
  TITLE =        {Matematyka. Poradnik Encyklopedyczny.},
  PUBLISHER =    {Wydawnictwo Naukowe PWN},
  YEAR =         {Warszawa 1999},
}

@BOOK{greenwood,
  AUTHOR =       {Greenwood, A.},
  TITLE =        {Electrical Transients in Power Systems.},
  YEAR =         {John Wiley \& Sons, INC., 1991.},
}

@BOOK{feynman,
  AUTHOR =       {Feynman, R. P. and Leighton, R. B. and M. Sands},
  TITLE =        {Feynmana wyk³ady z~fizyki.},
  YEAR =         {PWN, Warszawa, 1974.},
}

@BOOK{fichtenholz,
  AUTHOR =       {Fichtenholz, G. M.},
  TITLE =        {Rachunek ró¿niczkowy i ca³kowy.},
  YEAR =         {PWN, Warszawa 1980.},
}
